<record><leader>00000cas a22000007a 4500</leader><controlfield tag="001">13233212</controlfield><controlfield tag="008">860304c19509999njuwn ne      0    0eng d</controlfield><datafield ind1=" " ind2=" " tag="010"><subfield code="a">sn 86077032 </subfield></datafield><datafield ind1=" " ind2=" " tag="040"><subfield code="a">NPA</subfield><subfield code="b">eng</subfield><subfield code="c">NPA</subfield><subfield code="d">OCLCQ</subfield></datafield><datafield ind1=" " ind2=" " tag="042"><subfield code="a">msc</subfield></datafield><datafield ind1="0" ind2=" " tag="130"><subfield code="a">Beachcomber (Ship Bottom, N.J.)</subfield></datafield><datafield ind1="1" ind2="4" tag="245"><subfield code="a">The beachcomber.</subfield></datafield><datafield ind1=" " ind2=" " tag="260"><subfield code="a">Ship Bottom, N.J. :</subfield><subfield code="b">Margaret Thomas Buchholz</subfield></datafield><datafield ind1=" " ind2=" " tag="300"><subfield code="a">v. :</subfield><subfield code="b">ill. ;</subfield><subfield code="c">38 cm.</subfield></datafield><datafield ind1=" " ind2=" " tag="310"><subfield code="a">Weekly (during the spring and summer)</subfield></datafield><datafield ind1="1" ind2=" " tag="362"><subfield code="a">Began with June 10, 1950 issue.</subfield><subfield code="z">Cf. Wright, W.C. and Stellhorn, P.A. Direct. of N.J. newspapers.</subfield></datafield><datafield ind1=" " ind2=" " tag="500"><subfield code="a">Published on Long Beach Island, N.J.</subfield></datafield><datafield ind1=" " ind2=" " tag="500"><subfield code="a">Printed by Montgomery Pub. Co., &lt;1971&gt;.</subfield></datafield><datafield ind1=" " ind2=" " tag="588"><subfield code="a">Description based on: Vol. 22, no. 20 (Aug. 19, 1971).</subfield></datafield><datafield ind1=" " ind2=" " tag="752"><subfield code="a">United States</subfield><subfield code="b">New Jersey</subfield><subfield code="c">Ocean</subfield><subfield code="d">Ship Bottom.</subfield></datafield><datafield ind1=" " ind2=" " tag="752"><subfield code="a">United States</subfield><subfield code="b">New Jersey</subfield><subfield code="c">Ocean</subfield><subfield code="d">Long Beach Island.</subfield></datafield></record>